@String{pub-AW          = "Ad{\-d}i{\-s}on-Wes{\-l}ey"}
@String{pub-AW:adr      = "Reading, MA, USA"}

@Book{WFConsiderations,
    author = "Levada; Missiato; Ferrari; Magalhães; Levada",
    title = "Weather Forecasting Considerations | Volume VI, Issue VIII",
    publisher = "International Journal of Research and Scientific Innovation (IJRSI)",
    year = "2019",
}

@misc{shi2021masked,
      title={Masked Label Prediction: Unified Message Passing Model for Semi-Supervised Classification}, 
      author={Yunsheng Shi and Zhengjie Huang and Shikun Feng and Hui Zhong and Wenjin Wang and Yu Sun},
      year={2021},
      eprint={2009.03509},
      archivePrefix={arXiv},
      primaryClass={cs.LG}
}

@misc{watanabe2023treestructured,
      title={Tree-Structured Parzen Estimator: Understanding Its Algorithm Components and Their Roles for Better Empirical Performance}, 
      author={Shuhei Watanabe},
      year={2023},
      eprint={2304.11127},
      archivePrefix={arXiv},
      primaryClass={cs.LG}
}

@article{ke2017lightgbm,
  title={Lightgbm: A highly efficient gradient boosting decision tree},
  author={Ke, Guolin and Meng, Qi and Finley, Thomas and Wang, Taifeng and Chen, Wei and Ma, Weidong and Ye, Qiwei and Liu, Tie-Yan},
  journal={Advances in neural information processing systems},
  volume={30},
  pages={3146--3154},
  year={2017}
}

@inproceedings{Chen_2016, 
   series={KDD ’16},
   title={XGBoost: A Scalable Tree Boosting System},
   url={http://dx.doi.org/10.1145/2939672.2939785},
   DOI={10.1145/2939672.2939785},
   booktitle={Proceedings of the 22nd ACM SIGKDD International Conference on Knowledge Discovery and Data Mining},
   publisher={ACM},
   author={Chen, Tianqi and Guestrin, Carlos},
   year={2016},
   month=aug, collection={KDD ’16} 
}

@misc{prokhorenkova2019catboost,
      title={CatBoost: unbiased boosting with categorical features}, 
      author={Liudmila Prokhorenkova and Gleb Gusev and Aleksandr Vorobev and Anna Veronika Dorogush and Andrey Gulin},
      year={2019},
      eprint={1706.09516},
      archivePrefix={arXiv},
      primaryClass={cs.LG}
}